<?xml version="1.0" encoding="UTF-8"?><collection xmlns="http://www.loc.gov/MARC21/slim"><record><leader>00608nam--2200193-i-4500</leader><controlfield tag="001">000010395</controlfield><controlfield tag="002">20161230</controlfield><controlfield tag="005">20161230201028</controlfield><controlfield tag="008">060222s1000------------r-----000-0-rum-d</controlfield><datafield ind1=" " ind2=" " tag="040"><subfield code="a">IFIN-HH</subfield></datafield><datafield ind1=" " ind2=" " tag="041"><subfield code="a">rum</subfield></datafield><datafield ind1=" " ind2=" " tag="080"><subfield code="a">539.4:029.75</subfield></datafield><datafield ind1="1" ind2=" " tag="100"><subfield code="a">Drobota, Victor</subfield></datafield><datafield ind1="1" ind2="0" tag="245"><subfield code="a">Mecanica tehnica</subfield><subfield code="b">Mecanica. rezistenta materialelor. manual pentru licee de specialitate anii i si ii</subfield><subfield code="c">Victor drobota, marin dorobantu mihail atanasiu</subfield></datafield><datafield ind1=" " ind2=" " tag="260"><subfield code="a">Bucuresti</subfield><subfield code="b">Editura Didactica Si Pedagogica</subfield><subfield code="c">1969</subfield></datafield><datafield ind1=" " ind2=" " tag="300"><subfield code="a">249 P</subfield></datafield><datafield ind1="1" ind2=" " tag="700"><subfield code="a">Atanasiu, Mihail</subfield></datafield><datafield ind1=" " ind2=" " tag="852"><subfield code="a">37758</subfield><subfield code="c">539.4</subfield></datafield><datafield ind1=" " ind2=" " tag="CAT"><subfield code="a">Sys</subfield><subfield code="c">20130129</subfield><subfield code="h">141835</subfield></datafield></record></collection>